@techreport{RNIB2009,
author = {RNIB},
institution = {Royal National Institute of Blind People},
title = {{RNIB Strategy Focus and Goals 2009 - 2014}},
year = {2009}
}
@misc{RNIB2012,
address = {London},
author = {RNIB},
title = {{RNIB Living with sight loss Hackathon}},
year = {2012}
}
@techreport{Worsfold2010,
address = {London},
author = {Worsfold, John and Chandler, Edward},
institution = {Royal National Institute of Blind People},
publisher = {RNIB},
title = {{Wayfinding project}},
year = {2010}
}
@article{foulke1982perception,
  title={Perception, cognition and the mobility of blind pedestrians},
  author={Foulke, E},
  journal={Spatial abilities: Development and physiological foundations},
  pages={55--76},
  year={1982},
  publisher={New York: Academic Press}
}
@article{kalia2008learning,
  title={Learning building layouts with non-geometric visual information: The effects of visual impairment and age},
  author={Kalia, Amy A and Legge, Gordon E and Giudice, Nicholas A},
  journal={Perception},
  volume={37},
  number={11},
  pages={1677},
  year={2008},
  publisher={NIH Public Access}
}
@inproceedings{tsuji2005landmarks,
  title={Landmarks for navigators who are visually impaired},
  author={Tsuji, B and Lindgaard, G and Parush, A},
  booktitle={Proceedings of XXII International Cartographic Conference A Coru{\~n}a 2005 proceedings, CD},
  year={2005}
}
@inproceedings{ran2004drishti,
  title={Drishti: an integrated indoor/outdoor blind navigation system and service},
  author={Ran, Lisa and Helal, Sumi and Moore, Steve},
  booktitle={Pervasive Computing and Communications, 2004. PerCom 2004. Proceedings of the Second IEEE Annual Conference on},
  pages={23--30},
  year={2004},
  organization={IEEE}
}
@techreport{Pey2006,
  title={Functionality and the needs of blind and partially-sighted adults in the UK: An Interim Report},
  author={Pey, Tom and Nzegwu, Femi and Dooley, Gary},
  year={2006},
  institution={Guide Dogs for the Blind Association}
}
@misc{senderoSeeingEye,
author = {{Sendero Group LLC}},
title = {StreetTalk VIP GPS},
year = {2015}
}
@misc{blindSquare,
author = {{MIPsoft}},
title = {Blindsquare.com},
url = {http://blindsquare.com/about/},
year = {2015}
}
@inproceedings{dong2012mapping,
  title={Mapping organizational dynamics with body sensor networks},
  author={Dong, Wen and Olguin-Olguin, Daniel and Waber, Benjamin and Kim, Taemie and Pentland, Alex},
  booktitle={Wearable and Implantable Body Sensor Networks (BSN), 2012 Ninth International Conference on},
  pages={130--135},
  year={2012},
  organization={IEEE}
}
@string{ismar="International Symposium on Mixed and Augmented Reality"}
@inproceedings{schoeps14ismar,
author={T. Sch\"ops and J. Engel and D. Cremers},
title={Semi-Dense Visual Odometry for {AR} on a Smartphone},
year= {2014},
month={September},
booktitle = ismar,
pages={6},
keywords={rgb-d, monocular, {SLAM}, semidense, lsdslam, ar},
award = {Best Short Paper Award}
}
@string{eccv="European Conference on Computer Vision (ECCV)"}
@inproceedings{engel14eccv,
author={J. Engel and T. Sch\"ops and D. Cremers},
title={{LSD-SLAM}: Large-Scale Direct Monocular {{SLAM}}},
year= {2014},
month={September},
booktitle = eccv,
pages={834--849},
keywords={rgb-d, monocular, slam, semidense, lsdslam},
award = {Oral Presentation}
}


@article{agarwal2011building,
  title={Building rome in a day},
  author={Agarwal, Sameer and Furukawa, Yasutaka and Snavely, Noah and Simon, Ian and Curless, Brian and Seitz, Steven M and Szeliski, Richard},
  journal={Communications of the ACM},
  volume={54},
  number={10},
  pages={105--112},
  year={2011},
  publisher={ACM}
}

@inproceedings{alcantarilla2010visual,
  title={Visual odometry priors for robust {EKF-SLAM}},
  author={Alcantarilla, Pablo Fern{\'a}ndez and Bergasa, Luis Miguel and Dellaert, Frank},
  booktitle={Robotics and Automation (ICRA), 2010 IEEE International Conference on},
  pages={3501--3506},
  year={2010},
  organization={IEEE}
}
@inproceedings{Alcantarilla2011a,
author = {Alcantarilla, Pablo F. and Ni, Kai and Bergasa, L.M. and Dellaert, Frank},
booktitle = {Robotics and Automation (ICRA), 2011 IEEE International Conference on},
file = {:home/jmr10/.local/share/data/Mendeley Ltd./Mendeley Desktop/Downloaded/Alcantarilla et al. - 2011 - Visibility learning in large-scale urban environment(2).pdf:pdf},
isbn = {9781612843858},
pages = {6205--6212},
publisher = {IEEE},
title = {{Visibility learning in large-scale urban environment}},
url = {http://ieeexplore.ieee.org/xpls/abs\_all.jsp?arnumber=5979650},
year = {2011}
}
@inproceedings{alcantarilla2010learning,
  title={Learning visibility of landmarks for vision-based localization},
  author={Alcantarilla, Pablo Fern{\'a}ndez and Oh, Sang Min and Mariottini, Gian Luca and Bergasa, Luis Miguel and Dellaert, Frank},
  booktitle={Robotics and Automation (ICRA), 2010 IEEE International Conference on},
  pages={4881--4888},
  year={2010},
  organization={IEEE}
}
@inproceedings{alcantarilla2012combining,
  title={On combining visual {SLAM} and dense scene flow to increase the robustness of localization and mapping in dynamic environments},
  author={Alcantarilla, Pablo Fern{\'a}ndez and Yebes, Jos{\'e} J and Almaz{\'a}n, Javier and Bergasa, Luis Miguel},
  booktitle={Robotics and Automation (ICRA), 2012 IEEE International Conference on},
  pages={1290--1297},
  year={2012},
  organization={IEEE}
}
@inproceedings{snavely2006photo,
  title={Photo tourism: exploring photo collections in 3D},
  author={Snavely, Noah and Seitz, Steven M and Szeliski, Richard},
  booktitle={ACM transactions on graphics (TOG)},
  pages={835--846},
  year={2006},
  organization={ACM}
}
@inproceedings{konolige2007frame,
  title={Frame-frame matching for realtime consistent visual mapping},
  author={Konolige, Kurt and Agrawal, Motilal},
  booktitle={Robotics and Automation, 2007 IEEE International Conference on},
  pages={2803--2810},
  year={2007},
  organization={IEEE}
}
@inproceedings{strasdat2010scale,
  title={Scale Drift-Aware Large Scale Monocular {SLAM}.},
  author={Strasdat, Hauke and Montiel, JMM and Davison, Andrew J},
  booktitle={Robotics: Science and Systems},
  volume={2},
  issue={3},
  pages={5},
  year={2010}
}
@book{douglas2006network,
  title={Network 1000: Opinions and Circumstances of Visually Impaired people in Great Britain: report based on over 1000 interviews},
  author={Douglas, Graeme and Corcoran, Christine and Pavey, Sue},
  year={2006},
  publisher={Visual Impairment Centre for Teaching and Research, University of Birmingham}
}

@article{cumminsFabmap2008,
   author = {Cummins, Mark and Newman, Paul},
   title = {FAB-MAP: Probabilistic Localization and Mapping in the Space of Appearance},
   journal = {International Journal of Robotics Research},
   volume = {27},
   number = {6},
   pages = {647-665},
   note = {1377517},
   year = {2008}
}

@article{cumminsAccelearting2010,
   author = {Cummins, M. and Newman, P.},
   title = {Accelerating FAB-MAP with concentration inequalities},
   journal = {IEEE Transactions on Robotics},
   volume = {26},
   number = {6},
   pages = {1042-1050},
   year = {2010}
}

@article{cumminsFabMap2010,
   author = {Cummins, M. and Newman, P.},
   title = {Appearance-only {SLAM} at large scale with FAB-MAP 2.0},
   journal = {The International Journal of Robotics Research},
   year = {2010}
}

@inproceedings{cumminsFabMap2010,
   author = {Glover, A. and Maddern, W. and Milford, M. and Wyeth, G.},
   title = {FAB-MAP+ Rat{SLAM}: Appearance-based {SLAM} for Multiple Times of Day},
   booktitle = {The International Conference on Robotics and Automation},
   address = {Anchorage, Alaska, USA},
   publisher = {IEEE},
   pages = {3507-3512},
   year = {2010}
}

@inproceedings{OpenFabMap2011,
   author = {Glover, A. and Maddern, W. and Warren, M. and Reid, S. and Milford, M. and Wyeth, G.},
   title = {OpenFABMAP: An Open Source Toolbox for Appearance-based Loop Closure Detection},
   booktitle = {The International Conference on Robotics and Automation},
   address = {St Paul, Minnesota},
   publisher = {IEEE},
   year = {2011}
}
@inproceedings{RiveraWearable,
title = {Associating locations from wearable cameras},
author = {Rivera-Rubio, Jose and Alexiou, Ioannis and Dickens, Luke and Secoli, Riccardo and Lupu, Emil and Bharath, Anil A},
year = {2014},
booktitle = {Proceedings of the British Machine Vision Conference},
publisher = {BMVA Press},
editors = {Valstar, Michel and French, Andrew and Pridmore, Tony},
pages = {13 pages},
url={http://www.bmva.org/bmvc/2014/}
}

@article{Rivera-Rubio2015PRL,
  title={Appearance-based indoor localization: A comparison of patch descriptor performance},
  author={Rivera-Rubio, Jose and Alexiou, Ioannis and Bharath, Anil A.},
  journal={Pattern Recognition Letters},
  year={2015},
  publisher={Elsevier}
}
@article{bliss1970optical,
  title={Optical-to-tactile image conversion for the blind},
  author={Bliss, James Charles and Katcher, Michael H and Rogers, Charles H and Shepard, Raymond P},
  journal={Man-Machine Systems, IEEE Transactions on},
  volume={11},
  number={1},
  pages={58--65},
  year={1970},
  publisher={IEEE}
}
@techreport{spirkovska2005summary,
  title={Summary of tactile user interfaces techniques and systems},
  author={Spirkovska, Lilly},
  year={2005}
}
@article{akamatsu1996movement,
  title={Movement characteristics using a mouse with tactile and force feedback},
  author={Akamatsu, Motoyuki and MacKenzie, I Scott},
  journal={International Journal of Human-Computer Studies},
  volume={45},
  number={4},
  pages={483--493},
  year={1996},
  publisher={Elsevier}
}

@inproceedings{adi2009texture,
  title={Texture classification using wavelet extraction: An approach to haptic texture searching},
  author={Adi, Waskito and Sulaiman, Suziah},
  booktitle={Innovative Technologies in Intelligent Systems and Industrial Applications, 2009. CITISIA 2009},
  pages={434--439},
  year={2009},
  organization={IEEE}
}

@inproceedings{jain1990unsupervised,
  title={Unsupervised texture segmentation using {Gabor} filters},
  author={Jain, Anil K and Farrokhnia, Farshid},
  booktitle={Systems, Man and Cybernetics, 1990. Conference Proceedings., IEEE International Conference on},
  pages={14--19},
  year={1990},
  organization={IEEE}
}

@article{weldon1996efficient,
  title={Efficient Gabor filter design for texture segmentation},
  author={Weldon, Thomas P and Higgins, William E and Dunn, Dennis F},
  journal={Pattern Recognition},
  volume={29},
  number={12},
  pages={2005--2015},
  year={1996},
  publisher={Elsevier}
}

@article{turner1986texture,
  title={Texture discrimination by {Gabor} functions},
  author={Turner, Mark R},
  journal={Biological cybernetics},
  volume={55},
  number={2-3},
  pages={71--82},
  year={1986},
  publisher={Springer}
}

@article{fallah2013indoor,
  title={Indoor human navigation systems: A survey},
  author={Fallah, Navid and Apostolopoulos, Ilias and Bekris, Kostas and Folmer, Eelke},
  journal={Interacting with Computers},
  volume={25},
  number={1},
  pages={21--33},
  year={2013},
  publisher={Oxford University Press}
}
@misc{navvisTrolley,
author = {Huitl, Robert and Reinshagen, Felix and Hilsenbeck, Sebastian and Schroth, Georg},
title = {{NavVis 3D Mapping Trolley}},
url = {https://www.navvis.com/explore/trolley/},
year = {2014}
}

@book{simske2013meta,
  title={Meta-algorithmics: patterns for robust, low cost, high quality systems},
  author={Simske, Steven J},
  year={2013},
  publisher={John Wiley \& Sons}
}
@article{kolda2009tensor,
  title={Tensor decompositions and applications},
  author={Kolda, Tamara G and Bader, Brett W},
  journal={SIAM review},
  volume={51},
  number={3},
  pages={455--500},
  year={2009},
  publisher={SIAM}
}
@article{goldreich2003tactile,
  title={Tactile acuity is enhanced in blindness},
  author={Goldreich, Daniel and Kanics, Ingrid M},
  journal={The Journal of Neuroscience},
  volume={23},
  number={8},
  pages={3439--3445},
  year={2003},
  publisher={Soc Neuroscience}
}

@article{manduchi2011mobility,
  title={Mobility-related accidents experienced by people with visual impairment},
  author={Manduchi, Roberto and Kurniawan, Sri},
  journal={AER Journal: Research and Practice in Visual Impairment and Blindness},
  volume={4},
  number={2},
  pages={44--54},
  year={2011}
}

@article{roentgen2008inventory,
  title={Inventory of electronic mobility aids for persons with visual impairments: a literature review},
  author={Roentgen, Uta R and Gelderblom, Gert Jan and Soede, Mathijs and de Witte, Luc P},
  journal={Journal of Visual Impairment \& Blindness},
  volume={102},
  number={11},
  pages={702--724},
  year={2008},
  publisher={American Foundation for the Blind. 11 Penn Plaza Suite 300, New York, NY 10001}
}

@article{maidenbaum2013increasing,
  title={Increasing Accessibility to the Blind of Virtual Environments, Using a Virtual Mobility Aid Based On the},
  author={Maidenbaum, Shachar and Levy-Tzedek, Shelly and Chebat, Daniel-Robert and Amedi, Amir},
  journal={PloS one},
  volume={8},
  number={8},
  pages={e72555},
  year={2013},
  publisher={Public Library of Science}
}

@article{ventura2014global,
  title={Global localization from monocular {SLAM} on a mobile phone},
  author={Ventura, Jonathan and Arth, Clemens and Reitmayr, Gerhard and Schmalstieg, Dieter},
  journal={Visualization and Computer Graphics, IEEE Transactions on},
  volume={20},
  number={4},
  pages={531--539},
  year={2014},
  publisher={IEEE}
}

@inproceedings{engelhard2011real,
  title={Real-time 3D visual {SLAM} with a hand-held RGB-D camera},
  author={Engelhard, Nikolas and Endres, Felix and Hess, J{\"u}rgen and Sturm, J{\"u}rgen and Burgard, Wolfram},
  booktitle={Proc. of the RGB-D Workshop on 3D Perception in Robotics at the European Robotics Forum, Vasteras, Sweden},
  volume={180},
  year={2011}
}

@article{neira2008guest,
  title={Guest editorial special issue on visual {SLAM}},
  author={Neira, Jos{\'e} and Davison, Andrew J and Leonard, John J},
  journal={Robotics, IEEE Transactions on},
  volume={24},
  number={5},
  pages={929--931},
  year={2008},
  publisher={IEEE}
}

@article{davison2007monoslam,
  title={Mono{SLAM}: Real-time single camera {SLAM}},
  author={Davison, Andrew J and Reid, Ian D and Molton, Nicholas D and Stasse, Olivier},
  journal={Pattern Analysis and Machine Intelligence, IEEE Transactions on},
  volume={29},
  number={6},
  pages={1052--1067},
  year={2007},
  publisher={IEEE}
}

@article{everingham2010pascal,
  title={The pascal visual object classes (voc) challenge},
  author={Everingham, Mark and Van Gool, Luc and Williams, Christopher KI and Winn, John and Zisserman, Andrew},
  journal={International journal of computer vision},
  volume={88},
  number={2},
  pages={303--338},
  year={2010},
  publisher={Springer}
}

@article{yang2013gabor,
  title={{Gabor} feature based robust representation and classification for face recognition with {Gabor} occlusion dictionary},
  author={Yang, Meng and Zhang, Lei and Shiu, Simon CK and Zhang, David},
  journal={Pattern Recognition},
  volume={46},
  number={7},
  pages={1865--1878},
  year={2013},
  publisher={Elsevier}
}

@inproceedings{nister2006scalable,
  title={Scalable recognition with a vocabulary tree},
  author={Nister, David and Stewenius, Henrik},
  booktitle={Computer Vision and Pattern Recognition, 2006 IEEE Computer Society Conference on},
  volume={2},
  pages={2161--2168},
  year={2006},
  organization={IEEE}
}

@misc{Rivera-RubioRSM,
author = {Rivera-Rubio, Jose and Alexiou, Ioannis and Bharath, Anil A.},
howpublished = {http://rsm.bicv.org},
title = {{RSM dataset}},
url = {http://rsm.bicv.org},
year = {2014}
}
@misc{BharathLastMeters,
author = {Bharath, Anil A. and Rivera-Rubio, Jose and Belz, Anja},
title={The last 10 metres Technical Report},
year=2013
}
@misc{Vedaldi2008,
author = {Vedaldi, A and Fulkerson, B},
title = {{VLFeat: An Open and Portable Library of Computer Vision Algorithms}},
year = {2008}
}
@article{Vedaldi2012,
  title={Efficient additive kernels via explicit feature maps},
  author={Vedaldi, Andrea and Zisserman, Andrew},
  journal={Pattern Analysis and Machine Intelligence, IEEE Transactions on},
  volume={34},
  number={3},
  pages={480--492},
  year={2012},
  publisher={IEEE}
}

@INPROCEEDINGS{LazebnikSP06,
  author = {Svetlana Lazebnik and Cordelia Schmid and Jean Ponce},
  title = {Beyond Bags of Features: Spatial Pyramid Matching for Recognizing
	Natural Scene Categories},
  booktitle = {IEEE Conference on Computer Vision and Pattern Recogntion},
  year = {2006},
  pages = {2169-2178},
  owner = {Ioannis},
  timestamp = {2012.03.05}
}

@inproceedings{Lowe1999,
  title={Object recognition from local scale-invariant features},
  author={Lowe, David G},
  booktitle={Computer vision, 1999. The proceedings of the seventh IEEE international conference on},
  volume={2},
  pages={1150--1157},
  year={1999},
  organization={IEEE}
}
@article{Lowe2004,
author = {Lowe, David G.},
journal = {International Journal of Computer Vision},
pages = {91--110},
title = {{Distinctive image features from scale-invariant keypoints}},
volume = {60},
year = {2004}
}
@article{Manduchi2012,
author = {Manduchi, Roberto and Coughlan, James},
journal = {Communications of the ACM},
number = {1},
pages = {96--104},
pmid = {22815563},
title = {{(Computer) Vision without Sight.}},
volume = {55},
year = {2012}
}
@article{bader2006algorithm,
  title={Algorithm 862: MATLAB tensor classes for fast algorithm prototyping},
  author={Bader, Brett W and Kolda, Tamara G},
  journal={ACM Transactions on Mathematical Software (TOMS)},
  volume={32},
  number={4},
  pages={635--653},
  year={2006},
  publisher={ACM}
}
@book{aja2009tensors,
  title={Tensors in image processing and computer vision},
  author={Aja-Fern{\'a}ndez, Santiago and de Luis Garc{\'\i}a, Rodrigo and Tao, Dacheng and Li, Xuelong},
  year={2009},
  publisher={Springer Science \& Business Media}
}

@article{tversky2000some,
  title={Some ways that maps and diagrams communicate},
  author={Tversky, Barbara},
  journal={Lecture Notes in Computer Science},
  pages={72--79},
  year={2000},
  publisher={Springer}
}

@article{bhushan2006cdma2000,
  title={CDMA2000 1$\times$ EV-DO revision a: a physical layer and MAC layer overview},
  author={Bhushan, Naga and Lott, Chris and Black, Peter and Attar, Rashid and Jou, Yu-Cheun and Fan, Mingxi and Ghosh, Donna and Au, Jean},
  journal={Communications Magazine, IEEE},
  volume={44},
  number={2},
  pages={37--49},
  year={2006},
  publisher={IEEE}
}

@article{lee2005micromachined,
  title={A micromachined refreshable Braille cell},
  author={Lee, Jun Su and Lucyszyn, Stepan},
  journal={Microelectromechanical Systems, Journal of},
  volume={14},
  number={4},
  pages={673--682},
  year={2005},
  publisher={IEEE}
}

