@misc{Cham,
author = {Cham, Jorge},
title = {{Piled Higher and Deeper (PhD)}},
year = {2003-2015}
}
@inproceedings{torralba2011unbiased,
  title={Unbiased look at dataset bias},
  author={Torralba, Antonio and Efros, Alexei and others},
  booktitle={Computer Vision and Pattern Recognition (CVPR), 2011 IEEE Conference on},
  pages={1521--1528},
  year={2011},
  organization={IEEE}
}
@article{jia2014caffe,
  Author = {Jia, Yangqing and Shelhamer, Evan and Donahue, Jeff and Karayev, Sergey and Long, Jonathan and Girshick, Ross and Guadarrama, Sergio and Darrell, Trevor},
  Journal = {arXiv preprint arXiv:1408.5093},
  Title = {Caffe: Convolutional Architecture for Fast Feature Embedding},
  Year = {2014}
}

@misc{apple,
author = {Apple Inc.},
title = {The ResearchKitâ„¢ framework: an open source software framework that makes it easy to create apps for medical research or for other research projects.},
year = {2013-2015},
url = {http://researchkit.org/}
}