@inproceedings{liu2010video,
  title={Video-based localization without 3D mapping for the visually impaired},
  author={Liu, Jason J and Phillips, Cody and Daniilidis, Kostas},
  booktitle={Computer Vision and Pattern Recognition Workshops (CVPRW), 2010 IEEE Computer Society Conference on},
  pages={23--30},
  year={2010},
  organization={IEEE}
}
@article{hile2010visual,
  title={Visual Navigation for Mobile Devices.},
  author={Hile, Harlan and Liu, Alan L and Borriello, Gaetano and Grzeszczuk, Radek and Vedantham, Ramakrishna and Kosecka, Jana},
  journal={IEEE MultiMedia},
  volume={17},
  number={2},
  pages={16--25},
  year={2010}
}
@inproceedings{nguyen2014visual,
  title={A Visual SLAM System on Mobile Robot Supporting Localization Services to Visually Impaired People},
  author={Nguyen, Quoc-Hung and Vu, Hai and Tran, Thanh-Hai and Van Hamme, David and Veelaert, Peter and Philips, Wilfried and Nguyen, Quang-Hoan},
  booktitle={Computer Vision-ECCV 2014 Workshops},
  pages={716--729},
  year={2014},
  organization={Springer}
}
@inproceedings{nguyen2014mapping,
  title={Mapping services in indoor environments based on image sequences},
  author={Nguyen, Quoc-Hung and Vu, Hai and Nguyen, Quang-Hoan and others},
  booktitle={Communications and Electronics (ICCE), 2014 IEEE Fifth International Conference on},
  pages={446--451},
  year={2014},
  organization={IEEE}
}
@article{aladren2014navigation,
  title={Navigation assistance for the visually impaired using RGB-D sensor with range expansion},
  author={Aladren, A and Lopez-Nicolas, Gonzalo and Puig, Luis and Guerrero, Josechu J},
  year={2014},
  publisher={IEEE}
}
@article{ali2010indoor,
  title={Indoor navigation to support the blind person using true pathway within the map},
  author={Ali, Abbas M and Nordin, MDJ},
  journal={Journal of Computer Science},
  volume={6},
  number={7},
  pages={740},
  year={2010},
  publisher={Citeseer}
}
@article{nordin2009indoor,
  title={Indoor navigation and localization for visually impaired people using weighted topological map},
  author={Nordin, Md Jan and Ali, Abbas M},
  journal={Journal of Computer Science},
  volume={5},
  number={11},
  pages={883},
  year={2009}
}
@inproceedings{milford2012seqslam,
  title={SeqSLAM: Visual route-based navigation for sunny summer days and stormy winter nights},
  author={Milford, Michael J and Wyeth, Gordon F},
  booktitle={Robotics and Automation (ICRA), 2012 IEEE International Conference on},
  pages={1643--1649},
  year={2012},
  organization={IEEE}
}
@article{schroth2011mobile,
  title={Mobile visual location recognition},
  author={Schroth, Georg and Huitl, Robert and Chen, David and Abu-Alqumsan, Mohammad and Al-Nuaimi, Anas and Steinbach, Eckehard},
  journal={Signal Processing Magazine, IEEE},
  volume={28},
  number={4},
  pages={77--89},
  year={2011},
  publisher={IEEE}
}


@inproceedings{pasquero2003stress,
  title={STReSS: A practical tactile display system with one millimeter spatial resolution and 700 Hz refresh rate},
  author={Pasquero, J{\'e}r{\^o}me and Hayward, Vincent},
  booktitle={Proc. Eurohaptics},
  volume={2003},
  pages={94--110},
  year={2003}
}

@inproceedings{vidal2003thermopneumatic,
  title={Thermopneumatic actuator for tactile displays},
  author={Vidal-Verd{\'u}, Fernando and Navas-Gonz{\'a}lez, Rafael},
  booktitle={18th Conference on Design of Circuits and Integrated Systems, DCIS},
  pages={629--633},
  year={2003},
  organization={Citeseer}
}

@article{asamura1998selectively,
  title={Selectively stimulating skin receptors for tactile display},
  author={Asamura, Naoya and Yokoyama, Nozomu and Shinoda, Hiroyuki},
  journal={Computer Graphics and Applications, IEEE},
  volume={18},
  number={6},
  pages={32--37},
  year={1998},
  publisher={IEEE}
}

@article{hafez2007tactile,
  title={Tactile interfaces: technologies, applications and challenges},
  author={Hafez, Moustapha},
  journal={The Visual Computer},
  volume={23},
  number={4},
  pages={267--272},
  year={2007},
  publisher={Springer}
}
@inproceedings{chang2005audio,
  title={Audio-haptic feedback in mobile phones},
  author={Chang, Angela and O'Sullivan, Conor},
  booktitle={CHI'05 extended abstracts on Human factors in computing systems},
  pages={1264--1267},
  year={2005},
  organization={ACM}
}

@inproceedings{poupyrev2002ambient,
  title={Ambient touch: designing tactile interfaces for handheld devices},
  author={Poupyrev, Ivan and Maruyama, Shigeaki and Rekimoto, Jun},
  booktitle={Proceedings of the 15th annual ACM symposium on User interface software and technology},
  pages={51--60},
  year={2002},
  organization={ACM}
}

@article{hu2006effectiveness,
  title={Effectiveness of haptic feedback in open surgery simulation and training systems},
  author={Hu, John and Chang, C and Tardella, Neil and Pratt, Janey and English, James},
  journal={Stud. Health Technol. Inform},
  volume={119},
  pages={213--218},
  year={2006}
}

@inproceedings{hartcher2015perception,
  title={Perception of distance-to-obstacle through time-delayed tactile feedback},
  author={Hartcher-O'Brien, Jess and Auvray, Malika and Hayward, Vincent},
  booktitle={World Haptics Conference (WHC), 2015 IEEE},
  pages={7--12},
  year={2015},
  organization={IEEE}
}

@inproceedings{chekhchoukh2011vision,
  title={Vision substitution and moving objects tracking in 2 and 3 dimensions via vectorial electro-stimulation of the tongue},
  author={Chekhchoukh, Abdessalem and Vuillerme, Nicolas and Glade, Nicolas},
  booktitle={ASSISTH'2011: 2{\`e}me Conf{\'e}rence Internationale sur l'accessibilit{\'e} et les syst{\`e}mes de suppl{\'e}ance aux personnes en situations de handicaps," De l'usage des STIC {\`a} une plus grande autonomie: des recherches interdisciplinaires"},
  pages={ISBN--978},
  year={2011}
}
@inproceedings{filliat2007visual,
  title={A visual bag of words method for interactive qualitative localization and mapping},
  author={Filliat, David},
  booktitle={Robotics and Automation, 2007 IEEE International Conference on},
  pages={3921--3926},
  year={2007},
  organization={IEEE}
}
@misc{AndroidAPI,
  title={Supporting Multiple Screens API},
  author={Google},
  year={2015},
  organization={Android SDK},
  url{http://developer.android.com/guide/practices/screens_support.html}
}
  
@inproceedings{khare2004extending,
  title={Extending the representational state transfer (rest) architectural style for decentralized systems},
  author={Khare, Rohit and Taylor, Richard N},
  booktitle={Proceedings of the 26th International Conference on Software Engineering},
  pages={428--437},
  year={2004},
  organization={IEEE Computer Society}
}
@article{warner2003gps,
  title={{GPS} spoofing countermeasures},
  author={Warner, Jon S and Johnston, Roger G},
  journal={Homeland Security Journal},
  volume={25},
  number={2},
  pages={19--27},
  year={2003}
}
@phdthesis{maddern2014continuous,
  title={Continuous appearance-based localisation and mapping},
  author={Maddern, William Paul},
  year={2014},
  month={January},
  school={Queensland University of Technology}
}
@inproceedings{klein2009parallel,
  title={Parallel tracking and mapping on a camera phone},
  author={Klein, Georg and Murray, David},
  booktitle={Mixed and Augmented Reality, 2009. ISMAR 2009. 8th IEEE International Symposium on},
  pages={83--86},
  year={2009},
  organization={IEEE}
}
@article{barth2009bright,
  title={The bright side of sitting in traffic: Crowdsourcing road congestion data},
  author={Barth, Dave},
  journal={Online: http://googleblog. blogspot. com/2009/08/bright-side-of-sitting-in-traffic. html (25 August 2009)},
  year={2009}
}
@techreport{gember2012obtaining,
  title={Obtaining in-context measurements of cellular network performance},
  author={Gember, Aaron and Akella, Aditya and Pang, Jeffrey and Varshavsky, Alexander and Caceres, Ramon},
  booktitle={Proceedings of the 2012 ACM conference on Internet measurement conference},
  pages={287--300},
  year={2012},
  organization={ACM}
}
@techreport{ltereport2013android,
  title={Global State of LTE Report February 2013},
  author={OpenSignal},
  institution={{OpenSignal Ltd.}},
  year={2013}
}
@inproceedings{wang2012no,
  title={No need to war-drive: unsupervised indoor localization},
  author={Wang, He and Sen, Souvik and Elgohary, Ahmed and Farid, Moustafa and Youssef, Moustafa and Choudhury, Romit Roy},
  booktitle={Proceedings of the 10th international conference on Mobile systems, applications, and services},
  pages={197--210},
  year={2012},
  organization={ACM}
}
@misc {msinclusivedesign,
    author = {Microsoft},
    title  = {Microsoft Inclusive Design Manual},
    year   = {2015},
    url   = {"https://www.microsoft.com/en-us/design/practice"}
}

