@inproceedings{Rivera-Rubio2015a,
author = {Rivera-Rubio, Jose and Alexiou, Ioannis and Bharath, Anil A.},
booktitle = {British Machine Vision Conference (BMVC)},
file = {:home/jose/PhD/Publications/bmvc2015/camera\_ready/bmvc\_487.pdf:pdf},
publisher = {British Machine Vision Association},
title = {{Indoor Localisation with Regression Networks and Place Cell Models}},
year = {2015}
}
@article{Rivera-Rubio2015prl,
author = {Rivera-Rubio, Jose and Alexiou, Ioannis and Bharath, Anil A.},
doi = {10.1016/j.patrec.2015.03.003},
journal = {Pattern Recognition Letters},
title = {{Appearance-based indoor localization: A comparison of patch descriptor performance}},
volume = {in Press},
year = {2015}
}
@inproceedings{Rivera-Rubio2014icip,
address = {Paris},
author = {Rivera-Rubio, Jose and Idrees, Saad and Alexiou, Ioannis and Hadjilucas, Lucas and Bharath, Anil A},
booktitle = {International Conference on Image Processing (ICIP)},
file = {:home/jose/.local/share/data/Mendeley Ltd./Mendeley Desktop/Downloaded/Rivera-Rubio et al. - 2014 - A dataset for hand-held object recognition.pdf:pdf},
title = {{A dataset for hand-held object recognition}},
year = {2014}
}
@inproceedings{Rivera-Rubio2014bmvc,
address = {Nottingham, UK},
author = {Rivera-Rubio, Jose and Alexiou, Ioannis and Bharath, Anil and Secoli, Riccardo and Dickens, Luke and Lupu, Emil C.},
booktitle = {British Machine Vision Conference (BMVC)},
file = {:home/jose/.local/share/data/Mendeley Ltd./Mendeley Desktop/Downloaded/Rivera-Rubio et al. - 2014 - Associating locations from wearable cameras.pdf:pdf},
title = {{Associating locations from wearable cameras}},
year = {2014}
}
@inproceedings{Rivera-Rubio2014wacv,
address = {Steamboat Springs (CO, USA)},
author = {Rivera-Rubio, Jose and Idrees, Saad and Alexiou, Ioannis and Hadjilucas, Lucas and Bharath, Anil A.},
booktitle = {IEEE Winter Conference on Applications of Computer Vision (WACV)},
title = {{Small Hand-held Object Recognition Test}},
year = {2014}
}
@inproceedings{Rivera-Rubio2013a,
address = {London},
annote = {Dataset available at $\backslash$url\{http://short.bicv.org\}},
author = {Rivera-Rubio, Jose and Idrees, Saad and Alexiou, Ioannis and Bharath, Anil A},
booktitle = {British Machine Vision Association Meetings: Vision in an Increasingly Mobile World},
title = {{The SHORT-30 database. Object recognition in an increasingly mobile world}},
url = {https://sites.google.com/site/thepicturethisprojectnetwork/short-database},
year = {2013}
}
@article{Rivera-Rubio2015tnnls,
author = {Rivera-Rubio, Jose and Bharath, Anil A.},
journal = {IEEE Transactions on Neural Networks and Learning Systems},
number = {New Developments in Neural Network Structures},
title = {{Modelling Biological Place Cells for Position Inference (under review)}},
year = {2015}
}
@article{Rivera-Rubio2015cviusiad,
author = {Rivera-Rubio, Jose and Arulkumaran, Kai and Rishi, Hemang and Alexiou, Ioannis and Bharath, Anil A.},
journal = {Computer Vision and Image Understanding (CVIU)},
number = {Assistive Computer Vision and Robotics},
title = {{An assistive haptic interface for appearance-based indoor navigation (under review)}},
year = {2015}
}
@inproceedings{Rivera-Rubio2013lncs,
author = {Rivera-Rubio, Jose and Idrees, Saad and Alexiou, Ioannis and Hadjilucas, Lucas and Bharath, AnilA. A},
booktitle = {Lecture Notes in Computer Science},
doi = {10.1007/978-3-642-41190-8\_4},
editor = {Petrosino, Alfredo and Maddalena, Lucia and Pala, Pietro},
isbn = {978-3-642-41189-2},
keywords = {devices,image-based localisation,mobile assistive,mobile assistive devices,mobile computer vision,object categorisation,path-planning},
number = {2013},
pages = {30--40},
publisher = {Springer Berlin Heidelberg},
series = {Lecture Notes in Computer Science},
title = {{Mobile Visual Assistive Apps: Benchmarks of Vision Algorithm Performance}},
volume = {8158},
year = {2013}
}
@inproceedings{rivera2014associating,
author = {Rivera-Rubio, Jose and Alexiou, Ioannis and Bharath, Anil A},
booktitle = {Computer Vision-ECCV 2014 Workshops},
organization = {Springer},
pages = {29--44},
title = {{Associating Locations Between Indoor Journeys from Wearable Cameras}},
year = {2014}
}
