@article{ekstrom2003cellular,
  title={Cellular networks underlying human spatial navigation},
  author={Ekstrom, Arne D and Kahana, Michael J and Caplan, Jeremy B and Fields, Tony A and Isham, Eve A and Newman, Ehren L and Fried, Itzhak},
  journal={Nature},
  volume={425},
  number={6954},
  pages={184--188},
  year={2003},
  publisher={Nature Publishing Group}
}

@article{o1971hippocampus,
  title={The hippocampus as a spatial map. Preliminary evidence from unit activity in the freely-moving rat},
  author={O'Keefe, John and Dostrovsky, Jonathan},
  journal={Brain research},
  volume={34},
  number={1},
  pages={171--175},
  year={1971},
  publisher={Elsevier}
}

@article{o1979review,
  title={A review of the hippocampal place cells},
  author={O'Keefe, John},
  journal={Progress in neurobiology},
  volume={13},
  number={4},
  pages={419--439},
  year={1979},
  publisher={Elsevier}
}

@article{ziv2013long,
  title={Long-term dynamics of CA1 hippocampal place codes},
  author={Ziv, Yaniv and Burns, Laurie D and Cocker, Eric D and Hamel, Elizabeth O and Ghosh, Kunal K and Kitch, Lacey J and El Gamal, Abbas and Schnitzer, Mark J},
  journal={Nature neuroscience},
  volume={16},
  number={3},
  pages={264--266},
  year={2013},
  comment = {Place cell coding is mostly dynamic; but some percentage cells are stable},
  publisher={Nature Publishing Group}
}

@article{hafting2005microstructure,
  title={Microstructure of a spatial map in the entorhinal cortex},
  author={Hafting, Torkel and Fyhn, Marianne and Molden, Sturla and Moser, May-Britt and Moser, Edvard I},
  journal={Nature},
  volume={436},
  number={7052},
  pages={801--806},
  year={2005},
  publisher={Nature Publishing Group}
}

@article{aguirre1998area,
  title={An area within human ventral cortex sensitive to ``building'' stimuli: evidence and implications},
  author={Aguirre, Geoffrey K and Zarahn, E and D’esposito, M},
  journal={Neuron},
  volume={21},
  number={2},
  pages={373--383},
  year={1998},
  publisher={Elsevier}
}

@article{maguire1998knowing,
  title={Knowing where and getting there: a human navigation network},
  author={Maguire, Eleanor A and Burgess, Neil and Donnett, James G and Frackowiak, Richard SJ and Frith, Christopher D and O'Keefe, John},
  journal={Science},
  volume={280},
  number={5365},
  pages={921--924},
  year={1998},
  publisher={American Association for the Advancement of Science}
}

@article{best2001spatial,
  title={Spatial processing in the brain: the activity of hippocampal place cells},
  author={Best, Phillip J and White, Aaron M and Minai, Ali},
  journal={Annual review of neuroscience},
  volume={24},
  number={1},
  pages={459--486},
  year={2001},
  publisher={Annual Reviews 4139 El Camino Way, PO Box 10139, Palo Alto, CA 94303-0139, USA}
}

@article{dragoi2006temporal,
  title={Temporal encoding of place sequences by hippocampal cell assemblies},
  author={Dragoi, George and Buzs{\'a}ki, Gy{\"o}rgy},
  journal={Neuron},
  volume={50},
  number={1},
  pages={145--157},
  year={2006},
  publisher={Elsevier}
}

@article{epstein1998cortical,
  title={A cortical representation of the local visual environment},
  author={Epstein, Russell and Kanwisher, Nancy},
  journal={Nature},
  volume={392},
  number={6676},
  pages={598--601},
  year={1998},
  publisher={Nature Publishing Group}
}

@article{hassabis2009decoding,
  title={Decoding neuronal ensembles in the human hippocampus},
  author={Hassabis, Demis and Chu, Carlton and Rees, Geraint and Weiskopf, Nikolaus and Molyneux, Peter D and Maguire, Eleanor A},
  journal={Current Biology},
  volume={19},
  number={7},
  pages={546--554},
  year={2009},
  publisher={Elsevier}
}

@article{chen2013vision,
  title={How vision and movement combine in the hippocampal place code},
  author={Chen, Guifen and King, John A and Burgess, Neil and O'Keefe, John},
  journal={Proceedings of the National Academy of Sciences},
  volume={110},
  number={1},
  pages={378--383},
  year={2013},
  publisher={National Acad Sciences}
}

@article{hartley2000modeling,
  title={Modeling place fields in terms of the cortical inputs to the hippocampus},
  author={Hartley, Tom and Burgess, Neil and Lever, C and Cacucci, F and O'keefe, J},
  journal={Hippocampus},
  volume={10},
  number={4},
  pages={369--379},
  year={2000}
}

@article{ng2007survey,
  title={A survey of architecture and function of the primary visual cortex (V1)},
  author={Ng, Jeffrey and Bharath, Anil A and Zhaoping, Li},
  journal={EURASIP Journal on Applied Signal Processing},
  volume={2007},
  number={1},
  pages={124--124},
  year={2007},
  publisher={Hindawi Publishing Corp.}
}

@article{mclaughlin2000neuronal,
  title={A neuronal network model of macaque primary visual cortex (V1): Orientation selectivity and dynamics in the input layer 4C$\alpha$},
  author={McLaughlin, David and Shapley, Robert and Shelley, Michael and Wielaard, DJ},
  journal={Proceedings of the National Academy of Sciences},
  volume={97},
  number={14},
  pages={8087--8092},
  year={2000},
  publisher={National Acad Sciences}
}

@article{priebe2012mechanisms,
  title={Mechanisms of neuronal computation in mammalian visual cortex},
  author={Priebe, Nicholas J and Ferster, David},
  journal={Neuron},
  volume={75},
  number={2},
  pages={194--208},
  year={2012},
  publisher={Elsevier}
}

@article{filipe2013human,
  title={From the human visual system to the computational models of visual attention: a survey},
  author={Filipe, S{\'\i}lvio and Alexandre, Lu{\'\i}s A},
  journal={Artificial Intelligence Review},
  volume={39},
  number={1},
  pages={1--47},
  year={2013}
}

@article{carandini1997predictions,
  title={Predictions of a recurrent model of orientation selectivity},
  author={Carandini, Matteo and Ringach, Dario L},
  journal={Vision research},
  volume={37},
  number={21},
  pages={3061--3071},
  year={1997},
  publisher={Elsevier}
}

@article{carandini2012normalization,
  title={Normalization as a canonical neural computation},
  author={Carandini, Matteo and Heeger, David J},
  journal={Nature Reviews Neuroscience},
  volume={13},
  number={1},
  pages={51--62},
  year={2012},
  publisher={Nature Publishing Group}
}

@inproceedings{krizhevsky2012imagenet,
  title={Imagenet classification with deep convolutional neural networks},
  author={Krizhevsky, Alex and Sutskever, Ilya and Hinton, Geoffrey E},
  booktitle={Advances in neural information processing systems},
  pages={1097--1105},
  year={2012}
}

@article{lecun1995convolutional,
  title={Convolutional networks for images, speech, and time series},
  author={LeCun, Yann and Bengio, Yoshua},
  journal={The handbook of brain theory and neural networks},
  volume={3361},
  pages={310},
  year={1995},
  publisher={Cambridge, MA: MIT Press}
}

@book{wandell1995foundations,
  title={Foundations of vision},
  author={Wandell, Brian A},
  volume={8},
  year={1995},
  publisher={Sinauer Associates Sunderland, MA}
}

@book{petrou2008next,
  title={Next generation artificial vision systems: reverse engineering the human visual system},
  author={Petrou, Maria},
  year={2008},
  publisher={Artech House}
}


@article{ji20133d,
  title={3D convolutional neural networks for human action recognition},
  author={Ji, Shuiwang and Xu, Wei and Yang, Ming and Yu, Kai},
  journal={Pattern Analysis and Machine Intelligence, IEEE Transactions on},
  volume={35},
  number={1},
  pages={221--231},
  year={2013},
  publisher={IEEE}
}

@article{olshausen1997sparse,
  title={Sparse coding with an overcomplete basis set: A strategy employed by V1?},
  author={Olshausen, Bruno A and Field, David J},
  journal={Vision research},
  volume={37},
  number={23},
  pages={3311--3325},
  year={1997},
  publisher={Elsevier}
}

@article{ringach2002spatial,
  title={Spatial structure and symmetry of simple-cell receptive fields in macaque primary visual cortex},
  author={Ringach, Dario L},
  journal={Journal of neurophysiology},
  volume={88},
  number={1},
  pages={455--463},
  year={2002},
  publisher={Am Physiological Soc}
}

@article{wolpert1997no,
  title={No free lunch theorems for optimization},
  author={Wolpert, David H and Macready, William G},
  journal={Evolutionary Computation, IEEE Transactions on},
  volume={1},
  number={1},
  pages={67--82},
  year={1997},
  publisher={IEEE}
}

@inproceedings{engel14eccv,
author={J. Engel and T. Sch\"ops and D. Cremers},
title={{LSD-SLAM}: Large-Scale Direct Monocular {SLAM}},
year= {2014},
month={September},
booktitle = eccv,
pages={834--849},
keywords={rgb-d, monocular, slam, semidense, lsdslam},
award = {Oral Presentation}
}

@inproceedings{alcantarilla2010visual,
  title={Visual odometry priors for robust EKF-SLAM},
  author={Alcantarilla, Pablo Fern{\'a}ndez and Bergasa, Luis Miguel and Dellaert, Frank},
  booktitle={Robotics and Automation (ICRA), 2010 IEEE International Conference on},
  pages={3501--3506},
  year={2010},
  organization={IEEE}
}

@article{agarwal2011building,
  title={Building rome in a day},
  author={Agarwal, Sameer and Furukawa, Yasutaka and Snavely, Noah and Simon, Ian and Curless, Brian and Seitz, Steven M and Szeliski, Richard},
  journal={Communications of the ACM},
  volume={54},
  number={10},
  pages={105--112},
  year={2011},
  publisher={ACM}
}

@inproceedings{Alcantarilla2011a,
author = {Alcantarilla, Pablo F. and Ni, Kai and Bergasa, L.M. and Dellaert, Frank},
booktitle = {Robotics and Automation (ICRA), 2011 IEEE International Conference on},
file = {:home/jmr10/.local/share/data/Mendeley Ltd./Mendeley Desktop/Downloaded/Alcantarilla et al. - 2011 - Visibility learning in large-scale urban environment(2).pdf:pdf},
isbn = {9781612843858},
pages = {6205--6212},
publisher = {IEEE},
title = {{Visibility learning in large-scale urban environment}},
url = {http://ieeexplore.ieee.org/xpls/abs\_all.jsp?arnumber=5979650},
year = {2011}
}

@inproceedings{alcantarilla2012combining,
  title={On combining visual SLAM and dense scene flow to increase the robustness of localization and mapping in dynamic environments},
  author={Alcantarilla, Pablo Fern{\'a}ndez and Yebes, Jos{\'e} J and Almaz{\'a}n, Javier and Bergasa, Luis Miguel},
  booktitle={Robotics and Automation (ICRA), 2012 IEEE International Conference on},
  pages={1290--1297},
  year={2012},
  organization={IEEE}
}

@inproceedings{konolige2007frame,
  title={Frame-frame matching for realtime consistent visual mapping},
  author={Konolige, Kurt and Agrawal, Motilal},
  booktitle={Robotics and Automation, 2007 IEEE International Conference on},
  pages={2803--2810},
  year={2007},
  organization={IEEE}
}

@article{vaina1990intact,
  title={Intact “biological motion” and “structure from motion” perception in a patient with impaired motion mechanisms: A case study},
  author={Vaina, Lucia M and Lemay, Marjorie and Bienfang, Don C and Choi, Albert Y and Nakayama, Ken},
  journal={Visual neuroscience},
  volume={5},
  number={04},
  pages={353--369},
  year={1990},
  publisher={Cambridge Univ Press}
}

@article{moser2008place,
  title={Place cells, grid cells, and the brain's spatial representation system},
  author={Moser, Edvard I and Kropff, Emilio and Moser, May-Britt},
  journal={Annu. Rev. Neurosci.},
  volume={31},
  pages={69--89},
  year={2008},
  publisher={Annual Reviews}
}

@article{everingham2010pascal,
  title={The pascal visual object classes (voc) challenge},
  author={Everingham, Mark and Van Gool, Luc and Williams, Christopher KI and Winn, John and Zisserman, Andrew},
  journal={International journal of computer vision},
  volume={88},
  number={2},
  pages={303--338},
  year={2010},
  publisher={Springer}
}


@article{Wu:2008,
 author = {Wu, Ho Chung and Luk, Robert Wing Pong and Wong, Kam Fai and Kwok, Kui Lam},
 title = {Interpreting TF-IDF Term Weights As Making Relevance Decisions},
 journal = {ACM Trans. Inf. Syst.},
 issue_date = {June 2008},
 volume = {26},
 number = {3},
 month = jun,
 year = {2008},
 issn = {1046-8188},
 pages = {13:1--13:37},
 articleno = {13},
 numpages = {37},
 url = {http://doi.acm.org/10.1145/1361684.1361686},
 doi = {10.1145/1361684.1361686},
 acmid = {1361686},
 publisher = {ACM},
 address = {New York, NY, USA},
 keywords = {Information retrieval, relevance decision, term weight},
} 

@article{cichocki2014tensor,
  title={Tensor decompositions for signal processing applications from two-way to multiway component analysis},
  author={Cichocki, Andrzej and Mandic, D and Phan, AH and Caiafa, C and Zhou, G and Zhao, Q and De Lathauwer, Lieven},
  journal={arXiv preprint arXiv:1403.4462},
  year={2014}
}

@article{zhao2013higher,
  title={Higher order partial least squares (HOPLS): a generalized multilinear regression method},
  author={Zhao, Qibin and Caiafa, Cesar F and Mandic, Danilo P and Chao, Zenas C and Nagasaka, Yasuo and Fujii, Naotaka and Zhang, Liqing and Cichocki, Andrzej},
  journal={Pattern Analysis and Machine Intelligence, IEEE Transactions on},
  volume={35},
  number={7},
  pages={1660--1673},
  year={2013},
  publisher={IEEE}
}

@article{berens2012fast,
  title={A fast and simple population code for orientation in primate V1},
  author={Berens, Philipp and Ecker, Alexander S and Cotton, R James and Ma, Wei Ji and Bethge, Matthias and Tolias, Andreas S},
  journal={The Journal of Neuroscience},
  volume={32},
  number={31},
  pages={10618--10626},
  year={2012},
  publisher={Soc Neuroscience}
}

@article{kolda2009tensor,
  title={Tensor decompositions and applications},
  author={Kolda, Tamara G and Bader, Brett W},
  journal={SIAM review},
  volume={51},
  number={3},
  pages={455--500},
  year={2009},
  publisher={SIAM}
}

@article{stringer2002self,
  title={Self-organizing continuous attractor networks and path integration: two-dimensional models of place cells},
  author={Stringer, SM and Rolls, ET and Trappenberg, TP and De Araujo, IET},
  journal={Network: Computation in Neural Systems},
  volume={13},
  number={4},
  pages={429--446},
  year={2002},
  publisher={Informa UK Ltd UK}
}

@article{o1993phase,
  title={Phase relationship between hippocampal place units and the EEG theta rhythm},
  author={O'Keefe, John and Recce, Michael L},
  journal={Hippocampus},
  volume={3},
  number={3},
  pages={317--330},
  year={1993},
  publisher={Wiley Online Library}
}

@article{blair2008conversion,
  title={Conversion of a phase-to a rate-coded position signal by a three-stage model of theta cells, grid cells, and place cells},
  author={Blair, Hugh T and Gupta, Kishan and Zhang, Kechen},
  journal={Hippocampus},
  volume={18},
  number={12},
  pages={1239--1255},
  year={2008},
  publisher={Wiley Online Library}
}

@article{bechtel2013investigating,
  title={Investigating neural representations: the tale of place cells},
  author={Bechtel, William},
  journal={Synthese},
  pages={1--35},
  year={2013},
  publisher={Springer}
}

@article{barry2006boundary,
  title={The boundary vector cell model of place cell firing and spatial memory},
  author={Barry, Caswell and Lever, Colin and Hayman, Robin and Hartley, Tom and Burton, Stephen and O'Keefe, John and Jeffery, Kate and Burgess, N},
  journal={Reviews in the Neurosciences},
  volume={17},
  number={1-2},
  pages={71--98},
  year={2006}
}

@article{burgess2000predictions,
  title={Predictions derived from modelling the hippocampal role in navigation},
  author={Burgess, Neil and Jackson, Andrew and Hartley, Tom and O'Keefe, John},
  journal={Biological cybernetics},
  volume={83},
  number={3},
  pages={301--312},
  year={2000},
  publisher={Springer}
}

@article{strosslin2005robust,
  title={Robust self-localisation and navigation based on hippocampal place cells},
  author={Str{\"o}sslin, Thomas and Sheynikhovich, Denis and Chavarriaga, Ricardo and Gerstner, Wulfram},
  journal={Neural networks},
  volume={18},
  number={9},
  pages={1125--1140},
  year={2005},
  publisher={Elsevier}
}

@article{narendra2013mapping,
  title={Mapping the navigational knowledge of individually foraging ants, Myrmecia croslandi},
  author={Narendra, Ajay and Gourmaud, Sarah and Zeil, Jochen},
  journal={Proceedings of the Royal Society B: Biological Sciences},
  volume={280},
  number={1765},
  pages={20130683},
  year={2013},
  publisher={The Royal Society}
}

@article{bhagavatula2011optic,
  title={Optic flow cues guide flight in birds},
  author={Bhagavatula, Partha S and Claudianos, Charles and Ibbotson, Michael R and Srinivasan, Mandyam V},
  journal={Current Biology},
  volume={21},
  number={21},
  pages={1794--1799},
  year={2011},
  publisher={Elsevier}
}

@article{krapp2000neuronal,
  title={Neuronal matched filters for optic flow processing in flying insects},
  author={Krapp, Holger G},
  journal={International review of neurobiology},
  volume={44},
  pages={93--120},
  year={2000},
  publisher={Elsevier}
}
@article{vardy2005biologically,
  title={Biologically plausible visual homing methods based on optical flow techniques},
  author={Vardy, Andrew and Moller, Ralf},
  journal={Connection Science},
  volume={17},
  number={1-2},
  pages={47--89},
  year={2005},
  publisher={Taylor \& Francis}
}

@misc{authorsdescriptors,
annote = {Supplied as additional material \{$\backslash$tt tr.pdf\}},
author = {Authors},
title = {{Appearance descriptors for visual }},
year = {2006}
}
@inproceedings{RiveraWearable,
title = {Associating locations from wearable cameras},
author = {Rivera-Rubio, Jose and Alexiou, Ioannis and Dickens, Luke and Secoli, Riccardo and Lupu, Emil and Bharath, Anil A},
year = {2014},
booktitle = {Proceedings of the British Machine Vision Conference},
publisher = {BMVA Press},
editors = {Valstar, Michel and French, Andrew and Pridmore, Tony},
pages = {13 pages},
url={http://www.bmva.org/bmvc/2014/}
}
@article{pouget2000information,
  title={Information processing with population codes},
  author={Pouget, Alexandre and Dayan, Peter and Zemel, Richard},
  journal={Nature Reviews Neuroscience},
  volume={1},
  number={2},
  pages={125--132},
  year={2000},
  publisher={Nature Publishing Group}
}
@inproceedings{matsumoto1996visual,
  title={Visual navigation using view-sequenced route representation},
  author={Matsumoto, Yoshio and Inaba, Masayuki and Inoue, Hirochika},
  booktitle={Robotics and Automation, 1996. Proceedings., 1996 IEEE International Conference on},
  volume={1},
  pages={83--88},
  year={1996},
  organization={IEEE}
}
@inproceedings{ohno1996autonomous,
  title={Autonomous navigation for mobile robots referring pre-recorded image sequence},
  author={Ohno, Takayuki and Ohya, Akihisa and Yuta, S},
  booktitle={Intelligent Robots and Systems' 96, IROS 96, Proceedings of the 1996 IEEE/RSJ International Conference on},
  volume={2},
  pages={672--679},
  year={1996},
  organization={IEEE}
}